<?xml version="1.0" encoding="UTF-8"?><record xmlns="http://www.loc.gov/MARC21/slim" xmlns:cinclude="http://apache.org/cocoon/include/1.0" xmlns:zs="http://www.loc.gov/zing/srw/">
  <leader>00423nz  a2200145n  4500</leader>
  <controlfield tag="001">nb2011028728</controlfield>
  <controlfield tag="003">DLC</controlfield>
  <controlfield tag="005">20111104075016.0</controlfield>
  <controlfield tag="008">111102n| acannaabn          |n aaa      </controlfield>
  <datafield tag="010" ind1=" " ind2=" ">
    <subfield code="a">nb2011028728</subfield>
  </datafield>
  <datafield tag="035" ind1=" " ind2=" ">
    <subfield code="a">(Uk)008305023</subfield>
  </datafield>
  <datafield tag="040" ind1=" " ind2=" ">
    <subfield code="a">Uk</subfield>
    <subfield code="b">eng</subfield>
    <subfield code="c">Uk</subfield>
  </datafield>
  <datafield tag="100" ind1="1" ind2=" ">
    <subfield code="a">Appignanesi, Raphael</subfield>
  </datafield>
  <datafield tag="670" ind1=" " ind2=" ">
    <subfield code="a">Giovanni Canestrari, 2011?:</subfield>
    <subfield code="b">t.p. (Raphael Appignanesi)</subfield>
  </datafield>
  <datafield tag="670" ind1=" " ind2=" ">
    <subfield code="a">Raphael Antonio Appignanesi Photostream WWW site, 2 Nov. 2011</subfield>
  </datafield>
</record>